%% This BibTeX bibliography file was created using BibDesk.
%% https://bibdesk.sourceforge.io/

%% Created by Marco Martinelli 


%% Saved with string encoding Unicode (UTF-8) 
@misc{cleflongeval,
	title = {LongEval CLEF 2023 Lab},
	author = {CLEF Organizers},
	howpublished = {\url{https://clef-longeval.github.io/}},
	note = {Accessed: 2023-05-20},
	year = {2023},
}

@misc{qwant,
	title = {About Qwant},
	author = {Qwant},
	howpublished = {\url{https://about.qwant.com/en/}},
	note = {Accessed: 2023-05-20},
	year = {2023},
}

@misc{lucene,
	title = {Apache Lucene},
	author = {Apache Lucene},
	howpublished = {\url{https://lucene.apache.org/}},
	note = {Accessed: 2023-05-20},
	year = {2023},
}

@misc{hello-tipster,
    title = {HelloTipster},
    author = {{Nicola Ferro}},
    howpublished = {Bitbucket repository},
    url = {https://bitbucket.org/frrncl/se-unipd/src/master/hello-tipster/},
    year = {2023},
}


@misc{elastic,
	title = {Elasticsearch},
	author = {Elasticsearch},
	howpublished = {\url{https://www.elastic.co/elasticsearch/}},
	note = {Accessed: 2023-05-20},
	year = {2023},
}

@misc{elasticdocumentparser,
	title = {Elasticsearch DocumentParser.java},
	author = {Elasticsearch},
	howpublished = {\url{https://github.com/elastic/elasticsearch/blob/main/server/src/main/java/org/elasticsearch/index/mapper/DocumentParser.java}},
	note = {Accessed: 2023-05-20},
	year = {2023},
}

@misc{regexdefinition,
	title = {Regular expressions},
	author = {Mozilla Developer Network},
	howpublished = {\url{https://developer.mozilla.org/en-US/docs/Web/JavaScript/Guide/Regular_expressions}},
	note = {Accessed: 2023-05-20},
		year = {2023},
}

@misc{luceneanalyzer,
	title = {Lucene Analyzer},
	author = {Apache Lucene},
	howpublished = {\url{https://lucene.apache.org/core/8_0_0/core/org/apache/lucene/analysis/Analyzer.html}},
	note = {Accessed: 2023-05-20},
	year = {2023},
}

@misc{lucenetokenizer,
	title = {Lucene WhitespaceTokenizer},
	author = {Apache Lucene},
	howpublished = {\url{https://lucene.apache.org/core/7_4_0/analyzers-common/org/apache/lucene/analysis/core/WhitespaceTokenizer.html}},
	note = {Accessed: 2023-05-20},
	year = {2023},
}

@misc{lucenelettertokenizer,
	title = {Lucene LetterTokenizer},
	author = {Apache Lucene},
	howpublished = {\url{https://lucene.apache.org/core/7_3_1/analyzers-common/org/apache/lucene/analysis/core/LetterTokenizer.html}},
	note = {Accessed: 2023-05-20},
	year = {2023},
}

@misc{lucenestandardtokenizer,
  title = {Lucene StandardTokenizer},
  author = {Apache Lucene},
  howpublished = {\url{https://lucene.apache.org/core/6_6_0/core/org/apache/lucene/analysis/standard/StandardTokenizer.html}},
  note = {Accessed: 2023-05-20},
	year = {2023},
}

@misc{solr,
	title = {Apache Solr},
	author = {Apache Software Foundation},
	howpublished = {\url{https://solr.apache.org/}},
	note = {Accessed: 2023-05-20},
	year = {2023},
}

@misc{solrminimalstemfilter,
	title = {Apache Solr EnglishMinimalStemFilter},
	author = {Apache Software Foundation},
	howpublished = {\url{https://solr.apache.org/guide/6_6/filter-descriptions.html\#FilterDescriptions-EnglishMinimalStemFilter}},
	note = {Accessed: 2023-05-20},
	year = {2023},
}

@misc{solrkstemfilter,
	title = {Apache Solr KStemFilter},
	author = {Apache Software Foundation},
	howpublished = {\url{https://solr.apache.org/guide/6_6/filter-descriptions.html\#FilterDescriptions-KStemFilter}},
	note = {Accessed: 2023-05-20},
	year = {2023},
}

@misc{solrporterstemfilter,
	title = {Apache Solr PorterStemFilter},
	author = {Apache Software Foundation},
	howpublished = {\url{https://solr.apache.org/guide/6_6/filter-descriptions.html\#FilterDescriptions-PorterStemFilter}},
	note = {Accessed: 2023-05-20},
	year = {2023},
}

@misc{solrfrenchlightstemfilter,
	title = {Apache Solr FrenchLightStemFilter},
	author = {Apache Software Foundation},
	howpublished = {\url{https://solr.apache.org/guide/6_6/language-analysis.html\#LanguageAnalysis-FrenchLightStemFilter}},
	note = {Accessed: 2023-05-20},
	year = {2023},
}

@misc{solrfrenchminimalstemfilter,
	title = {Apache Solr FrenchMinimalStemFilter},
	author = {Apache Software Foundation},
	howpublished = {\url{https://solr.apache.org/guide/6_6/language-analysis.html\#LanguageAnalysis-FrenchLightStemFilter}},
	note = {Accessed: 2023-05-20},
	year = {2023},
}

@misc{lucenelovinsstemmer,
	title = {Lucene LovinsStemmer},
	author = {Apache Lucene},
	howpublished = {\url{https://lucene.apache.org/core/6_3_0/analyzers-common/org/tartarus/snowball/ext/LovinsStemmer.html}},
	year = {n.d.},
	note = {Accessed: 2023-05-20}
}


@misc{lucenelengthfilter,
	title = {Lucene LengthFilter},
	author = {Apache Lucene},
	howpublished = {\url{https://lucene.apache.org/core/7_0_1/analyzers-common/org/apache/lucene/analysis/miscellaneous/LengthFilter.html}},
	note = {Accessed: 2023-05-20},
	year = {2023},
}

@misc{luceneenglishpossessivefilter,
	title = {Lucene EnglishPossessiveFilter},
	author = {Apache Lucene},
	how = {\url{https://lucene.apache.org/core/7_3_1/analyzers-common/org/apache/lucene/analysis/en/EnglishPossessiveFilter.html}},
	note = {Accessed: 2023-05-20},
	year = {2023},
}

@misc{lucenestopfilter,
  	title = {Lucene StopFilter},
  	author = {Apache Lucene},
  	how = {\url{https://lucene.apache.org/core/8_0_0/analyzers-common/org/apache/lucene/analysis/core/StopFilter.html}},
  	note = {Accessed: 2023-05-20},
	year = {2023},
}

@misc{luke,
	title = {Luke},
	author = {Google Code},
	howpublished = {\url{https://code.google.com/archive/p/luke/}},
	note = {Accessed: 2023-05-20},
	year = {2023},
}

@misc{lucenengramtokenfilter,
	title = {Lucene NGramTokenFilter},
	author = {Apache Lucene},
	howpublished = {\url{https://lucene.apache.org/core/8_1_1/analyzers-common/org/apache/lucene/analysis/ngram/NGramTokenFilter.html}},
	note = {Accessed: 2023-05-20},
	year = {2023},
}

@misc{luceneshinglefilter,
	title = {Lucene ShingleFilter},
	author = {Apache Lucene},
	howpublished = {\url{https://lucene.apache.org/core/4_3_0/analyzers-common/org/apache/lucene/analysis/shingle/ShingleFilter.html}},
	note = {Accessed: 2023-05-20},
	year = {2023},
}

@misc{solropennlpposfilter,
	title = {Apache Solr OpenNLP Part of Speech Filter},
	author = {Apache Software Foundation},
	howpublished = {\url{https://solr.apache.org/guide/7_3/language-analysis.html\#opennlp-part-of-speech-filter}},
	note = {Accessed: 2023-05-20},
	year = {2023},
}

@misc{solropennlplemmafilter,
	title = { Solr OpenNLP Lemmatizer Filter},
	author = {Apache Software Foundation},
	howpublished = {\url{https://solr.apache.org/guide/7_3/language-analysis.html\#opennlp-lemmatizer-filter}},
	note = {Accessed: 2023-05-20},
	year = {2023},
}

@misc{luceneelisionfilter,
	title = {Lucene ElisionFilter},
	author = {Apache Lucene},
	howpublished = {\url{https://lucene.apache.org/core/7_3_1/analyzers-common/org/apache/lucene/analysis/util/ElisionFilter.html}},
	note = {Accessed: 2023-05-20},
	year = {2023},
}

@misc{lucenelowercasefilter,
	title = {Lucene LowerCaseFilter},
	author = {Apache Lucene},
	howpublished = {\url{https://lucene.apache.org/core/8_0_0/analyzers-common/org/apache/lucene/analysis/core/LowerCaseFilter.html}},
	note = {Accessed: 2023-05-20},
	year = {2023},
}

@misc{luceneasciifoldingfilter,
	title = {Lucene ASCIIFoldingFilter},
	author = {Apache Lucene},
	howpublished = {\url{https://lucene.apache.org/core/4_9_0/analyzers-common/org/apache/lucene/analysis/miscellaneous/ASCIIFoldingFilter.html}},
	note = {Accessed: 2023-05-20},
	year = {2023},
}

@misc{lucenesynonymgraphfilter,
	title = {Lucene SynonymGraphFilter},
	author = {Apache Lucene},
	howpublished = {\url{https://lucene.apache.org/core/6_4_1/analyzers-common/org/apache/lucene/analysis/synonym/SynonymGraphFilter.html}},
	note = {Accessed: 2023-05-20},
	year = {2023},
}

@misc{lucenesynonymmap,
	title = {Lucene SynonymMap},
	author = {Apache Lucene},
	howpublished = {\url{https://lucene.apache.org/core/7_3_0/analyzers-common/org/apache/lucene/analysis/synonym/SynonymMap.html}},
	note = {Accessed: 2023-05-20},
	year = {2023},
}

@misc{lucenebm25similarity,
	title = {Lucene BM25Similarity},
	author = {Apache Lucene},
	howpublished = {\url{https://lucene.apache.org/core/7_0_1/core/org/apache/lucene/search/similarities/BM25Similarity.html}},
	note = {Accessed: 2023-05-20},
	year = {2023},
}

@misc{huggingfaceallminilml6v2,
	title = {Hugging Face 'all-MiniLM-L6-v2' Model},
	author = {Hugging Face},
	howpublished = {\url{https://huggingface.co/optimum/all-MiniLM-L6-v2}},
	note = {Accessed: 2023-05-20},
	year = {2023},
}

@misc{sentence-transformers,
	title = {Sentence Transformers},
	author = {UKPLab},
	howpublished = {\url{https://github.com/UKPLab/sentence-transformers}},
	note = {Accessed: 2023-05-20},
	year = {2023},
}

@misc{openaicompletionapi,
	title = {OpenAI Text Completion API Documentation},
	author = {OpenAI},
	howpublished = {\url{https://platform.openai.com/docs/guides/completion/introduction}},
	year = {n.d.},
	note = {Accessed: 2023-05-20}
}

@article{wang2023,
  title={Can ChatGPT Write a Good Boolean Query for Systematic Review Literature Search?},
  author={Wang, Shuai and Scells, Harrisen and Zuccon, Guido and Koopman, Bevan},
  journal={Journal of Information Retrieval},
  year={2023},
  volume={1},
  number={1},
  note = {Accessed: 2023-05-24}
}


@article{davincicomparison,
	title = {How do Text Davinci-002 and Text Davinci-003 differ?},
	author = {OpenAI},
	journal = {OpenAI Help Center},
	year = {n.d.},
	howpublished = {\url{https://help.openai.com/en/articles/6779149-how-do-text-davinci-002-and-text-davinci-003-differ}},
	note = {Accessed: 2023-05-20}
}


@misc{lucenebooleanquery,
	title = {Lucene BooleanQuery},
	author = {Apache Lucene},
	howpublished = {\url{https://lucene.apache.org/core/8_1_1/core/org/apache/lucene/search/BooleanQuery.html}},
	note = {Accessed: 2023-05-20},
	year = {2023},
}

@misc{luceneboostquery,
	title = {Lucene BoostQuery},
	author = {Apache Lucene},
	howpublished = {\url{https://lucene.apache.org/core/7_3_1/core/org/apache/lucene/search/BoostQuery.html}},
	note = {Accessed: 2023-05-20},
	year = {2023},
}

@misc{lucenemultisimilarity,
	title = {Lucene MultiSimilarity},
	author = {Apache Lucene},
	howpublished = {\url{https://lucene.apache.org/core/8_0_0/core/org/apache/lucene/search/similarities/MultiSimilarity.html}},
	year = {n.d.},
	note = {Accessed: 2023-05-20}
}

@misc{fauconnier_2015,
	author = {Fauconnier, Jean-Philippe},
	title = {French Word Embeddings},
	url = {http://fauconnier.github.io},
	year = {2015}
}

@misc{lucene-knnvectorfield,
    title = {Lucene KnnVectorField},
    author = {{Apache Lucene}},
    howpublished = {Online documentation},
    url = {https://lucene.apache.org/core/9_0_0/core/org/apache/lucene/document/KnnVectorField.html},
    year = {2021},
}


@misc{wang2023chatgpt,
      title={Can ChatGPT Write a Good Boolean Query for Systematic Review Literature Search?}, 
      author={Shuai Wang and Harrisen Scells and Bevan Koopman and Guido Zuccon},
      year={2023},
      eprint={2302.03495},
      archivePrefix={arXiv},
      primaryClass={cs.IR}
}

@misc{reimers-2019-sentence-bert,
	title = "Sentence-BERT: Sentence Embeddings using Siamese BERT-Networks",
	author = "Reimers, Nils and Gurevych, Iryna",
	booktitle = "Proceedings of the 2019 Conference on Empirical Methods in Natural Language Processing",
	month = "11",
	year = "2019",
	publisher = "Association for Computational Linguistics",
	url = "https://arxiv.org/abs/1908.10084",
}

@misc{pytorch-cosinesimilarity,
    title = {PyTorch CosineSimilarity},
    author = {{PyTorch}},
    howpublished = {Online documentation},
    url = {https://pytorch.org/docs/stable/generated/torch.nn.CosineSimilarity.html},
    year = {2023},
}

@misc{dads-manhattandistance,
    title = {Manhattan Distance},
    author = {{National Institute of Standards and Technology}},
    howpublished = {Online dictionary},
    url = {https://xlinux.nist.gov/dads/HTML/manhattanDistance.html},
    year = {2019},
}

